@article{beckancient2014,
  title={Ancient dates or accelerated rates? Morphological clocks and the antiquity of placental mammals},
  author={Beck, Robin MD and Lee, Michael SY},
  journal={Proceedings of the Royal Society B: Biological Sciences},
  volume={281},
  number={1793},
  pages={20141278},
  year={2014},
  publisher={The Royal Society}
}

@article{moms,
  title={Shifting spaces: Which disparity or dissimilarity measurement best summarize occupancy in multidimensional spaces?},
  author={Guillerme, Thomas and Puttick, Mark N and Marcy, Ariel E and Weisbecker, Vera},
  journal={Ecology and evolution},
  volume={10},
  number={14},
  pages={7261--7275},
  year={2020},
  publisher={Wiley Online Library}
}




