@article{felsensteinPCM,
  title={Phylogenies and the comparative method},
  author={Felsenstein, Joseph},
  journal={The American Naturalist},
  volume={125},
  number={1},
  pages={1--15},
  year={1985},
  publisher={University of Chicago Press}
}

@article{harmon2019book,
  title={Phylogenetic comparative methods: learning from trees},
  author={Harmon, Luke},
  year={2019},
  publisher={EcoEvoRxiv}
}

@article{puttick2020complex,
  title={The complex effects of mass extinctions on morphological disparity},
  author={Puttick, Mark N and Guillerme, Thomas and Wills, Matthew A},
  journal={Evolution},
  volume={74},
  number={10},
  pages={2207--2220},
  year={2020},
  publisher={Blackwell Publishing Inc Malden, USA}
}

@article{bausman2018neutral,
title={Modeling: Neutral, Null, and Baseline},
volume={85},
DOI={10.1086/699021}, 
number={4},
journal={Philosophy of Science},
publisher={Cambridge University Press},
author={Bausman, William C.},
year={2018},
pages={594–616}}


@article{pennell2013review,
  title={An integrative view of phylogenetic comparative methods: connections to population genetics, community ecology, and paleobiology},
  author={Pennell, Matthew W and Harmon, Luke J},
  journal={Annals of the New York Academy of Sciences},
  volume={1289},
  number={1},
  pages={90--105},
  year={2013},
  publisher={Wiley Online Library}
}

@article{cooper2016dark,
  title={Shedding light on the ‘dark side’of phylogenetic comparative methods},
  author={Cooper, Natalie and Thomas, Gavin H and FitzJohn, Richard G},
  journal={Methods in Ecology and Evolution},
  volume={7},
  number={6},
  pages={693--699},
  year={2016},
  publisher={Wiley Online Library}
}

@article{adams2019multivarPCM,
  title={Phylogenetic comparative methods and the evolution of multivariate phenotypes},
  author={Adams, Dean C and Collyer, Michael L},
  journal={Annual Review of Ecology, Evolution, and Systematics},
  volume={50},
  pages={405--425},
  year={2019},
  publisher={Annual Reviews}
}


@article{deepak2023diet,
  title={Diet and habit explain head-shape convergences in natricine snakes},
  author={Deepak, V and Gower, David J and Cooper, Natalie},
  journal={Journal of Evolutionary Biology},
  volume={36},
  number={2},
  pages={399--411},
  year={2023},
  publisher={Wiley Online Library}
}

@article{miller2022alternating,
  title={Alternating regimes of shallow and deep-sea diversification explain a species-richness paradox in marine fishes},
  author={Miller, Elizabeth Christina and Martinez, Christopher M and Friedman, Sarah T and Wainwright, Peter C and Price, Samantha A and Tornabene, Luke},
  journal={Proceedings of the National Academy of Sciences},
  volume={119},
  number={43},
  pages={e2123544119},
  year={2022},
  publisher={National Acad Sciences}
}

@article{feller1939birthdeath,
  title={Die grundlagen der volterraschen theorie des kampfes ums dasein in wahrscheinlichkeitstheoretischer behandlung},
  author={Feller, Willy},
  journal={Acta Biotheoretica},
  volume={5},
  number={1},
  pages={11--40},
  year={1939},
  publisher={Springer}
}

@article{stadler2010birthdeath,
  title={Sampling-through-time in birth--death trees},
  author={Stadler, Tanja},
  journal={Journal of theoretical biology},
  volume={267},
  number={3},
  pages={396--404},
  year={2010},
  publisher={Elsevier}
}

@article{diversitree,
  title={Diversitree: comparative phylogenetic analyses of diversification in R},
  author={FitzJohn, Richard G},
  journal={Methods in Ecology and Evolution},
  volume={3},
  number={6},
  pages={1084--1092},
  year={2012},
  publisher={Wiley Online Library}
}

@Article{ape,
  title = {ape 5.0: an environment for modern phylogenetics and evolutionary analyses in {R}},
  author = {Emmanuel Paradis and Klaus Schliep},
  journal = {Bioinformatics},
  year = {2019},
  volume = {35},
  pages = {526-528},
  doi = {10.1093/bioinformatics/bty633},
}
@article{treesim,
  title={Simulating trees with a fixed number of extant species},
  author={Stadler, Tanja},
  journal={Systematic biology},
  volume={60},
  number={5},
  pages={676--684},
  year={2011},
  publisher={Oxford University Press}
}

@article{fossilsim,
  title={FossilSim: an R package for simulating fossil occurrence data under mechanistic models of preservation and recovery},
  author={Barido-Sottani, Jo{\"e}lle and Pett, Walker and O’Reilly, Joseph E and Warnock, Rachel CM},
  journal={Methods in Ecology and Evolution},
  volume={10},
  number={6},
  pages={835--840},
  year={2019},
  publisher={Wiley Online Library}
}

@article{rpanda,
  title={RPANDA: an R package for macroevolutionary analyses on phylogenetic trees},
  author={Morlon, H{\'e}l{\`e}ne and Lewitus, Eric and Condamine, Fabien L and Manceau, Marc and Clavel, Julien and Drury, Jonathan},
  journal={Methods in Ecology and Evolution},
  volume={7},
  number={5},
  pages={589--597},
  year={2016},
  publisher={Wiley Online Library}
}

@article{paleobuddy,
  title={paleobuddy: An R package for flexible simulations of diversification and fossil sampling},
  author={do Rosario Petrucci, Bruno and Januario, Matheus and Quental, Tiago},
  journal={Methods in Ecology and Evolution},
  volume={13},
  number={12},
  pages={2692--2698},
  year={2022},
  publisher={Wiley Online Library}
}

@article{paleotree,
  title={paleotree: an R package for paleontological and phylogenetic analyses of evolution},
  author={Bapst, David W},
  journal={Methods in Ecology and Evolution},
  volume={3},
  number={5},
  pages={803--807},
  year={2012},
  publisher={Wiley Online Library}
}

  @Manual{R,
    title = {R: A Language and Environment for Statistical Computing},
    author = {{R Core Team}},
    organization = {R Foundation for Statistical Computing},
    address = {Vienna, Austria},
    year = {2023},
    url = {https://www.R-project.org/},
  }

@article{guillerme2020disparities,
  title={Disparities in the analysis of morphological disparity},
  author={Guillerme, Thomas and Cooper, Natalie and Brusatte, Stephen L and Davis, Katie E and Jackson, Andrew L and Gerber, Sylvain and Goswami, Anjali and Healy, Kevin and Hopkins, Melanie J and Jones, Marc EH and others},
  journal={Biology letters},
  volume={16},
  number={7},
  pages={20200199},
  year={2020},
  publisher={The Royal Society}
}

@article{mammola2021concepts,
  title={Concepts and applications in functional diversity},
  author={Mammola, Stefano and Carmona, Carlos P and Guillerme, Thomas and Cardoso, Pedro},
  journal={Functional Ecology},
  volume={35},
  number={9},
  pages={1869--1885},
  year={2021},
  publisher={Wiley Online Library}
}
